=LDR  03424nam  2200841 a 4500
=001  tes96000003\
=003  ViArRB
=005  19960221075055.7
=008  960221s1955\\\\dcuabcdjdbkoqu001\0dspa\d
=020  \\$a8472236579
=040  \\$aViArRB$cViArRB
=050  \4$aPQ1234$b.T39 1955
=100  2\$aDeer-Doe, Jane,$d1957-
=245  10$aNew test record number 3 with currently defined ANSEL characters (mostly diacritics) input with mnemonic strings$h[large print] /$cby Jane Deer-Doe
=260  \\$aWashington, DC :$bLibrary of Congress,$c1955.
=300  \\$a300 p. :$bill., maps, ports., charts ;$c cm.
=440  \0$aTest record series ;$vno. 3
=500  \\$aThis is a test of diacritics like the uppercase Polish L in {Lstrok}{acute}od{acute}z
=500  \\$athe uppercase Scandinavia O in {Ostrok}st
=500  \\$athe uppercase D with crossbar in {Dstrok}uro
=500  \\$athe uppercase Icelandic thorn in {THORN}ann
=500  \\$athe uppercase digraph AE in {AElig}gir
=500  \\$athe uppercase digraph OE in {OElig}uvres
=500  \\$athe soft sign in rech{softsign}
=500  \\$athe middle dot in col{middot}lecci{acute}o
=500  \\$athe musical flat in F{flat}
=500  \\$athe patent mark in Frizbee{reg}
=500  \\$athe plus or minus sign in {plusmn}54%
=500  \\$athe uppercase O-hook in B{Ohorn}
=500  \\$athe uppercase U-hook in X{Uhorn}A
=500  \\$athe alif in mas{mlrhring}alah=500  \\$the ayn in {mllhring}arab
=500  \\$athe lowercase Polish l in W{lstrok}oc{lstrok}aw
=500  \\$athe lowercase Scandinavian o in K{ostrok}benhavn
=500  \\$athe lowercase d with crossbar in {dstrok}avola
=500  \\$athe lowercase Icelandic thorn in {thorn}ann
=500  \\$athe lowercase digraph ae in v{aelig}re
=500  \\$athe lowercase digraph oe in c{oelig}ur
=500  \\$athe lowercase hardsign in s{hardsign}ezd
=500  \\$athe Turkish dotless i in masal{inodot}
=500  \\$athe British pound sign in {pound}5.95
=500  \\$athe lowercase eth in ver{eth}ur
=500  \\$athe lowercase o-hook (with pseudo question mark) in S{hooka}{ohorn}
=500  \\$athe lowercase u-hook in T{uhorn} D{uhorn}c
=500  \\$athe pseudo question mark in c{hooka}ui
=500  \\$athe grave accent in tr{grave}es
=500  \\$athe acute accent in d{acute}esir{acute}ee
=500  \\$athe circumflex in c{circ}ote
=500  \\$athe tilde in ma{tilde}nana
=500  \\$athe macron in T{macr}okyo
=500  \\$athe breve in russki{breve}i
=500  \\$athe dot above in {dot}zaba
=500  \\$athe dieresis (umlaut) in L{uml}owenbr{uml}au
=500  \\$athe caron (hachek) in {caron}crny
=500  \\$athe circle above (angstrom) in {ring}arbok
=500  \\$athe ligature first and second halves in d{llig}i{rlig}ad{llig}i{rlig}a
=500  \\$athe high comma off center in rozdel{rcommaa}ovac
=500  \\$athe double acute in id{dblac}oszaki
=500  \\$athe candrabindu (breve with dot above) in Ali{candra}iev
=500  \\$athe cedilla in {cedil}ca va comme {cedil}ca
=500  \\$athe right hook in viet{ogon}a
=500  \\$athe dot below in te{dotb}da
=500  \\$athe double dot below in {under}k{under}hu{dbldotb}tbah
=500  \\$athe circle below in Sa{dotb}msk{ringb}rta
=500  \\$athe double underscore in {dblunder}Ghulam
=500  \\$athe left hook in Lech Wa{lstrok}{commab}esa
=500  \\$athe right cedilla (comma below) in kh{rcedil}ong
=500  \\$athe upadhmaniya (half circle below) in {breveb}humantu{caron}s
=500  \\$adouble tilde, first and second halves in {ldbltil}n{rdbltil}galan
=500  \\$ahigh comma (centered) in g{commaa}eotermika
=504  \\$aIncludes Bibliographies, discographies, filmographies, and reviews.
=500  \\$aIncludes index.
=650  \4$aTest record$xJuvenile.
=600  14$aDoe, John,$d1955- $xBiography.

