=LDR  00959nam  2200241 a 4500
=001  tes96000007\
=003  ViArRB
=005  19960221165955.9
=008  960221s1955\\\\dcuabcdjdbkoqu001\0dspa\d
=020  \\$a8472236579
=040  \\$aViArRB$cViArRB
=050  \4$aPQ1234$b.T39 1955
=100  2\$aDeer-Doe, Jane,$d1957-
=245  12$aA check of the processing of unrecognized mnemonic strings like &zilch; which might be encountered in the MARCMakr input file.
=260  \\$aWashington, DC :$bLibrary of Congress,$c1955.
=300  \\$a300 p. :$bill., maps, ports., charts ;$c cm.
=440  \0$aTest record series ;$vno. 7
=500  \\$aThis is a test of mnemonic conversion, like a real backslash or back solidus, as it is sometimes called (\).
=504  \\$aIncludes Bibliographies, discographies, filmographies, and reviews.
=500  \\$aIncludes index.
=650  \4$aTest record$xJuvenile.
=600  14$aDoe, John,$d1955- $xBiography.
=856  2\$aftp.loc.gov$d\pub\marc

